@article{chenier2021kinetics,
  title={Kinetics toolkit: An open-source Python package to facilitate research in biomechanics},
  author={Ch{\'e}nier, F{\'e}lix},
  journal={Journal of Open Source Software},
  volume={6},
  number={66},
  pages={3714},
  year={2021},
  doi = {10.21105/joss.03714},
}

@article{dixon2017biomechzoo,
  title={biomechZoo: An open-source toolbox for the processing, analysis, and visualization of biomechanical movement data},
  author={Dixon, Philippe C and Loh, Jonathan J and Michaud-Paquette, Yannick and Pearsall, David J},
  journal={Computer Methods and Programs in Biomedicine},
  volume={140},
  pages={1--10},
  year={2017},
  publisher={Elsevier},
  doi = {10.1016/j.cmpb.2016.11.007},
}

@article{martinez2020pyomeca,
  title={Pyomeca: an open-source framework for biomechanical analysis},
  author={Martinez, Romain and Michaud, Benjamin and Begon, Mickael},
  journal={Journal of Open Source Software},
  volume={5},
  number={53},
  pages={2431},
  year={2020},
  doi = {10.21105/joss.02431},
}

@inproceedings{Verdugo2022Feeling,
  author = {Verdugo, Felipe and Ceglia, Amedeo and Frisson, Christian and Burton, Alexandre and Begon, Mickael and Gibet, Sylvie and Wanderley, Marcelo M.},
  booktitle = {NIME 2022},
  year = {2022},
  month = {jun 16},
  note = {https://nime.pubpub.org/pub/kmn0rbyp},
  organization = {},
  title = {Feeling the {Effort} of {Classical} {Musicians} - {A} {Pipeline} from {Electromyography} to {Smartphone} {Vibration} for {Live} {Music} {Performance}},
  doi = {10.21428/92fbeb44.3ce22588},
}

@article{barre2014biomechanical,
  title={Biomechanical ToolKit: Open-source framework to visualize and process biomechanical data},
  author={Barre, Arnaud and Armand, St{\'e}phane},
  journal={Computer methods and programs in biomedicine},
  volume={114},
  number={1},
  pages={80--87},
  year={2014},
  publisher={Elsevier},
  doi = {10.1016/j.cmpb.2014.01.012},
}

@article{giggins2013biofeedback,
  title={Biofeedback in rehabilitation},
  author={Giggins, Oonagh M and Persson, Ulrik McCarthy and Caulfield, Brian},
  journal={Journal of neuroengineering and rehabilitation},
  volume={10},
  number={1},
  pages={1--11},
  year={2013},
  publisher={Springer},
  doi = {10.1186/1743-0003-10-60},
}

@article{cozean1988biofeedback,
  title={Biofeedback and functional electric stimulation in stroke rehabilitation.},
  author={Cozean, CD and Pease, William S and Hubbell, SL},
  journal={Archives of physical medicine and rehabilitation},
  volume={69},
  number={6},
  pages={401--405},
  year={1988},
}
